<record><leader>00000cas a22000007a 4500</leader><controlfield tag="001">31036304</controlfield><controlfield tag="008">940831d18881891mauer ne      0    0eng d</controlfield><datafield ind1=" " ind2=" " tag="010"><subfield code="a">sn 94055829 </subfield></datafield><datafield ind1=" " ind2=" " tag="040"><subfield code="a">MGN</subfield><subfield code="b">eng</subfield><subfield code="c">MGN</subfield><subfield code="d">OCLCQ</subfield></datafield><datafield ind1=" " ind2=" " tag="042"><subfield code="a">msc</subfield></datafield><datafield ind1="0" ind2="0" tag="245"><subfield code="a">West Newbury messenger and Groveland item.</subfield></datafield><datafield ind1="3" ind2="0" tag="246"><subfield code="a">West Newbury messenger</subfield></datafield><datafield ind1=" " ind2=" " tag="260"><subfield code="a">West Newbury, Mass. :</subfield><subfield code="b">A.N. Ambrose</subfield></datafield><datafield ind1=" " ind2=" " tag="300"><subfield code="a">v.</subfield></datafield><datafield ind1=" " ind2=" " tag="310"><subfield code="a">Biweekly,</subfield><subfield code="b">Mar. 7-Apr. 11, 1891</subfield></datafield><datafield ind1=" " ind2=" " tag="321"><subfield code="a">Biweekly,</subfield><subfield code="b">1888-Jan. 10, 1891</subfield></datafield><datafield ind1=" " ind2=" " tag="321"><subfield code="a">Weekly,</subfield><subfield code="b">Jan. 24-Feb. 28, 1891</subfield></datafield><datafield ind1="0" ind2=" " tag="362"><subfield code="a">Vol. 4, no. 16 (Feb. 25, 1888)-v. 7, no. 21 (Apr. 11, 1888).</subfield></datafield><datafield ind1=" " ind2=" " tag="500"><subfield code="a">Published as: West Newbury messenger, Jan. 11, 1890-Jan. 10, 1891.</subfield></datafield><datafield ind1=" " ind2=" " tag="752"><subfield code="a">United States</subfield><subfield code="b">Massachusetts</subfield><subfield code="c">Essex</subfield><subfield code="d">West Newbury.</subfield></datafield><datafield ind1=" " ind2=" " tag="752"><subfield code="a">United States</subfield><subfield code="b">Massachusetts</subfield><subfield code="c">Essex</subfield><subfield code="d">Groveland.</subfield></datafield><datafield ind1="0" ind2="0" tag="780"><subfield code="t">West Newbury messenger (West Newbury, Mass. : 1884)</subfield><subfield code="w">(DLC)sn 94055828</subfield></datafield><datafield ind1="0" ind2="0" tag="785"><subfield code="t">Weekly messenger (Groveland, Mass.)</subfield><subfield code="w">(DLC)sn 94055824</subfield></datafield></record>